@article{race2013memory,
  title     = {Memory efficient principal component analysis for the dimensionality reduction of large mass spectrometry imaging data sets},
  author    = {Race, Alan M and Steven, Rory T and Palmer, Andrew D and Styles, Iain B and Bunch, Josephine},
  journal   = {Analytical chemistry},
  volume    = {85},
  number    = {6},
  pages     = {3071--3078},
  year      = {2013},
  publisher = {ACS Publications}
}
@article{randall2019molecular,
  title     = {Molecular characterization of prostate cancer with associated Gleason score using mass spectrometry imaging},
  author    = {Randall, Elizabeth C and Zadra, Giorgia and Chetta, Paolo and Lopez, Begona GC and Syamala, Sudeepa and Basu, Sankha S and Agar, Jeffrey N and Loda, Massimo and Tempany, Clare M and Fennessy, Fiona M and others},
  journal   = {Molecular Cancer Research},
  volume    = {17},
  number    = {5},
  pages     = {1155--1165},
  year      = {2019},
  publisher = {AACR}
}
@article{jones2011multiple,
  title     = {Multiple statistical analysis techniques corroborate intratumor heterogeneity in imaging mass spectrometry datasets of myxofibrosarcoma},
  author    = {Jones, Emrys A and van Remoortere, Alexandra and van Zeijl, Ren{\'e} JM and Hogendoorn, Pancras CW and Bov{\'e}e, Judith VMG and Deelder, Andr{\'e} M and McDonnell, Liam A},
  journal   = {PloS one},
  volume    = {6},
  number    = {9},
  pages     = {e24913},
  year      = {2011},
  publisher = {Public Library of Science San Francisco, USA}
}
@article{van2008visualizing,
  title   = {Visualizing data using t-SNE.},
  author  = {Van der Maaten, Laurens and Hinton, Geoffrey},
  journal = {Journal of machine learning research},
  volume  = {9},
  number  = {11},
  year    = {2008}
}
@article{shekhar2014automatic,
  title     = {Automatic classification of cellular expression by nonlinear stochastic embedding (ACCENSE)},
  author    = {Shekhar, Karthik and Brodin, Petter and Davis, Mark M and Chakraborty, Arup K},
  journal   = {Proceedings of the National Academy of Sciences},
  volume    = {111},
  number    = {1},
  pages     = {202--207},
  year      = {2014},
  publisher = {National Acad Sciences}
}
@article{inglese2017deep,
  title     = {Deep learning and 3D-DESI imaging reveal the hidden metabolic heterogeneity of cancer},
  author    = {Inglese, Paolo and McKenzie, James S and Mroz, Anna and Kinross, James and Veselkov, Kirill and Holmes, Elaine and Takats, Zoltan and Nicholson, Jeremy K and Glen, Robert C},
  journal   = {Chemical science},
  volume    = {8},
  number    = {5},
  pages     = {3500--3511},
  year      = {2017},
  publisher = {Royal Society of Chemistry}
}
@article{nobile2023unsupervised,
  title     = {Unsupervised neural networks as a support tool for pathology diagnosis in MALDI-MSI experiments: A case study on thyroid biopsies},
  author    = {Nobile, Marco S and Capitoli, Giulia and Sowirono, Virgil and Clerici, Francesca and Piga, Isabella and van Abeelen, Kirsten and Magni, Fulvio and Pagni, Fabio and Galimberti, Stefania and Cazzaniga, Paolo and others},
  journal   = {Expert Systems with Applications},
  volume    = {215},
  pages     = {119296},
  year      = {2023},
  publisher = {Elsevier}
}
@article{abdelmoula2021peak,
  title     = {Peak learning of mass spectrometry imaging data using artificial neural networks},
  author    = {Abdelmoula, Walid M and Lopez, Begona Gimenez-Cassina and Randall, Elizabeth C and Kapur, Tina and Sarkaria, Jann N and White, Forest M and Agar, Jeffrey N and Wells, William M and Agar, Nathalie YR},
  journal   = {Nature communications},
  volume    = {12},
  number    = {1},
  pages     = {5544},
  year      = {2021},
  publisher = {Nature Publishing Group UK London}
}


@article{sinha2020multi,
  title     = {Multi-scale self-guided attention for medical image segmentation},
  author    = {Sinha, Ashish and Dolz, Jose},
  journal   = {IEEE journal of biomedical and health informatics},
  volume    = {25},
  number    = {1},
  pages     = {121--130},
  year      = {2020},
  publisher = {IEEE}
}

@article{devlin2018bert,
  title   = {Bert: Pre-training of deep bidirectional transformers for language understanding},
  author  = {Devlin, Jacob and Chang, Ming-Wei and Lee, Kenton and Toutanova, Kristina},
  journal = {arXiv preprint arXiv:1810.04805},
  year    = {2018}
}

@inproceedings{liu2021swin,
  title     = {Swin transformer: Hierarchical vision transformer using shifted windows},
  author    = {Liu, Ze and Lin, Yutong and Cao, Yue and Hu, Han and Wei, Yixuan and Zhang, Zheng and Lin, Stephen and Guo, Baining},
  booktitle = {Proceedings of the IEEE/CVF international conference on computer vision},
  pages     = {10012--10022},
  year      = {2021}
}

@inproceedings{nair2010rectified,
  title     = {Rectified linear units improve restricted boltzmann machines},
  author    = {Nair, Vinod and Hinton, Geoffrey E},
  booktitle = {Proceedings of the 27th international conference on machine learning (ICML-10)},
  pages     = {807--814},
  year      = {2010}
}

@article{currie2013inequality,
  title   = {Inequality and Institutions: A Review Essay on Why Nations Fail by Daron Acemoglu and James A. Robinson},
  author  = {Currie, Thomas E},
  journal = {Cliodynamics},
  volume  = {4},
  number  = {1},
  year    = {2013}
}

@article{chianese2022histone,
  title     = {Histone lysine demethylase inhibition reprograms prostate cancer metabolism and mechanics},
  author    = {Chianese, Ugo and Papulino, Chiara and Passaro, Eugenia and Evers, Tom MJ and Babaei, Mehrad and Toraldo, Antonella and De Marchi, Tommaso and Nim{\'e}us, Emma and Carafa, Vincenzo and Nicoletti, Maria Maddalena and others},
  journal   = {Molecular Metabolism},
  volume    = {64},
  pages     = {101561},
  year      = {2022},
  publisher = {Elsevier}
}

@article{lagemaat2014phosphorus,
  title     = {Phosphorus magnetic resonance spectroscopic imaging at 7 T in patients with prostate cancer},
  author    = {Lagemaat, Miriam W and Vos, Eline K and Maas, Marnix C and Bitz, Andreas K and Orzada, Stephan and van Uden, Mark J and Kobus, Thiele and Heerschap, Arend and Scheenen, Tom WJ},
  journal   = {Investigative Radiology},
  volume    = {49},
  number    = {5},
  pages     = {363--372},
  year      = {2014},
  publisher = {LWW}
}

@article{kwan2021synthesis,
  title     = {Synthesis and fluorine-18 radiolabeling of a phospholipid as a PET imaging agent for prostate cancer},
  author    = {Kwan, Kim H and Burvenich, Ingrid JG and Centenera, Margaret M and Goh, Yit Wooi and Rigopoulos, Angela and Dehairs, Jonas and Swinnen, Johannes V and Raj, Ganesh V and Hoy, Andrew J and Butler, Lisa M and others},
  journal   = {Nuclear medicine and biology},
  volume    = {93},
  pages     = {37--45},
  year      = {2021},
  publisher = {Elsevier}
}

@article{mori2016tumor,
  title     = {The tumor microenvironment modulates choline and lipid metabolism},
  author    = {Mori, Noriko and Wildes, Flonn{\'e} and Takagi, Tomoyo and Glunde, Kristine and Bhujwalla, Zaver M},
  journal   = {Frontiers in oncology},
  volume    = {6},
  pages     = {262},
  year      = {2016},
  publisher = {Frontiers Media SA}
}

@article{keshari2011correlation,
  title     = {Correlation of phospholipid metabolites with prostate cancer pathologic grade, proliferative status and surgical stage--impact of tissue environment},
  author    = {Keshari, KR and Tsachres, H and Iman, R and Delos Santos, L and Tabatabai, ZL and Shinohara, K and Vigneron, DB and Kurhanewicz, J},
  journal   = {NMR in biomedicine},
  volume    = {24},
  number    = {6},
  pages     = {691--699},
  year      = {2011},
  publisher = {Wiley Online Library}
}

@article{eb1993characterization,
  title   = {Characterization of human prostate cancer, benign prostatic hyperphsia and normal prostate by in vitro\^{} 1H and\^{}< 31> P magnetic resonance spectroscopy},
  author  = {EB, CORNEL},
  journal = {J Urol},
  volume  = {150},
  pages   = {2019--2024},
  year    = {1993}
}

@article{abdelmoula2018interactive,
  title     = {Interactive visual exploration of 3D mass spectrometry imaging data using hierarchical stochastic neighbor embedding reveals spatiomolecular structures at full data resolution},
  author    = {Abdelmoula, Walid M and Pezzotti, Nicola and HoÌˆlt, Thomas and Dijkstra, Jouke and Vilanova, Anna and McDonnell, Liam A and Lelieveldt, Boudewijn PF},
  journal   = {Journal of proteome research},
  volume    = {17},
  number    = {3},
  pages     = {1054--1064},
  year      = {2018},
  publisher = {ACS Publications}
}

@article{oetjen2015benchmark,
  title     = {Benchmark datasets for 3D MALDI-and DESI-imaging mass spectrometry},
  author    = {Oetjen, Janina and Veselkov, Kirill and Watrous, Jeramie and McKenzie, James S and Becker, Michael and Hauberg-Lotte, Lena and Kobarg, Jan Hendrik and Strittmatter, Nicole and Mr{\'o}z, Anna K and Hoffmann, Franziska and others},
  journal   = {GigaScience},
  volume    = {4},
  number    = {1},
  pages     = {1--8},
  year      = {2015},
  publisher = {BioMed Central}
}

@article{race2012inclusive,
  title     = {Inclusive sharing of mass spectrometry imaging data requires a converter for all},
  author    = {Race, Alan M and Styles, Iain B and Bunch, Josephine},
  journal   = {Journal of proteomics},
  volume    = {75},
  number    = {16},
  pages     = {5111--5112},
  year      = {2012},
  publisher = {Elsevier}
}

@article{vaswani2017attention,
  title   = {Attention is all you need},
  author  = {Vaswani, Ashish and Shazeer, Noam and Parmar, Niki and Uszkoreit, Jakob and Jones, Llion and Gomez, Aidan N and Kaiser, {\L}ukasz and Polosukhin, Illia},
  journal = {Advances in neural information processing systems},
  volume  = {30},
  year    = {2017}
}

@inproceedings{he2016deep,
  title     = {Deep residual learning for image recognition},
  author    = {He, Kaiming and Zhang, Xiangyu and Ren, Shaoqing and Sun, Jian},
  booktitle = {Proceedings of the IEEE conference on computer vision and pattern recognition},
  pages     = {770--778},
  year      = {2016}
}

@misc{hochreiter2001gradient,
  title     = {Gradient flow in recurrent nets: the difficulty of learning long-term dependencies},
  author    = {Hochreiter, Sepp and Bengio, Yoshua and Frasconi, Paolo and Schmidhuber, J{\"u}rgen and others},
  year      = {2001},
  publisher = {A field guide to dynamical recurrent neural networks. IEEE Press In}
}

@article{kingma2013auto,
  title   = {Auto-encoding variational bayes},
  author  = {Kingma, Diederik P and Welling, Max},
  journal = {arXiv preprint arXiv:1312.6114},
  year    = {2013}
}

@article{reynolds2000speaker,
  title     = {Speaker verification using adapted Gaussian mixture models},
  author    = {Reynolds, Douglas A and Quatieri, Thomas F and Dunn, Robert B},
  journal   = {Digital signal processing},
  volume    = {10},
  number    = {1-3},
  pages     = {19--41},
  year      = {2000},
  publisher = {Elsevier}
}

@article{wishart2022hmdb,
  title     = {HMDB 5.0: the human metabolome database for 2022},
  author    = {Wishart, David S and Guo, AnChi and Oler, Eponine and Wang, Fei and Anjum, Afia and Peters, Harrison and Dizon, Raynard and Sayeeda, Zinat and Tian, Siyang and Lee, Brian L and others},
  journal   = {Nucleic acids research},
  volume    = {50},
  number    = {D1},
  pages     = {D622--D631},
  year      = {2022},
  publisher = {Oxford University Press}
}

@article{liebisch2020update,
  title     = {Update on LIPID MAPS classification, nomenclature, and shorthand notation for MS-derived lipid structures},
  author    = {Liebisch, Gerhard and Fahy, Eoin and Aoki, Junken and Dennis, Edward A and Durand, Thierry and Ejsing, Christer S and Fedorova, Maria and Feussner, Ivo and Griffiths, William J and K{\"o}feler, Harald and others},
  journal   = {Journal of lipid research},
  volume    = {61},
  number    = {12},
  pages     = {1539--1555},
  year      = {2020},
  publisher = {ASBMB}
}

@article{pang2021metaboanalyst,
  title     = {MetaboAnalyst 5.0: narrowing the gap between raw spectra and functional insights},
  author    = {Pang, Zhiqiang and Chong, Jasmine and Zhou, Guangyan and de Lima Morais, David Anderson and Chang, Le and Barrette, Michel and Gauthier, Carol and Jacques, Pierre-{\'E}tienne and Li, Shuzhao and Xia, Jianguo},
  journal   = {Nucleic acids research},
  volume    = {49},
  number    = {W1},
  pages     = {W388--W396},
  year      = {2021},
  publisher = {Oxford University Press}
}
@article{gleason1974prediction,
  title     = {Prediction of prognosis for prostatic adenocarcinoma by combined histological grading and clinical staging},
  author    = {Gleason, Donald F and Mellinger, George T},
  journal   = {The Journal of urology},
  volume    = {111},
  number    = {1},
  pages     = {58--64},
  year      = {1974},
  publisher = {Wolters Kluwer Philadelphia, PA}
}
@article{eb1993characterization,
  title   = {Characterization of human prostate cancer, benign prostatic hyperphsia and normal prostate by in vitro\^{} 1H and\^{}< 31> P magnetic resonance spectroscopy},
  author  = {EB, CORNEL},
  journal = {J Urol},
  volume  = {150},
  pages   = {2019--2024},
  year    = {1993}
}
@article{cornel1993characterization,
  title     = {Characterization of human prostate cancer, benign prostatic hyperplasia and normal prostate by in vitro 1H and 31P magnetic resonance spectroscopy},
  author    = {Cornel, EB and Smits, GAHJ and Oosterhof, GON and Karthaus, HFM and Debruyne, FMJ and Schalken, JA and Heerschap, A},
  journal   = {The Journal of urology},
  volume    = {150},
  number    = {6},
  pages     = {2019--2024},
  year      = {1993},
  publisher = {Elsevier}
}