
@article{oetjen2015benchmark,
  title={Benchmark datasets for 3D MALDI-and DESI-imaging mass spectrometry},
  author={Oetjen, Janina and Veselkov, Kirill and Watrous, Jeramie and McKenzie, James S and Becker, Michael and Hauberg-Lotte, Lena and Kobarg, Jan Hendrik and Strittmatter, Nicole and Mr{\'o}z, Anna K and Hoffmann, Franziska and others},
  journal={GigaScience},
  volume={4},
  number={1},
  pages={1--8},
  year={2015},
  publisher={BioMed Central}
}
@article{reynolds2000speaker,
  title={Speaker verification using adapted Gaussian mixture models},
  author={Reynolds, Douglas A and Quatieri, Thomas F and Dunn, Robert B},
  journal={Digital signal processing},
  volume={10},
  number={1-3},
  pages={19--41},
  year={2000},
  publisher={Elsevier}
}
@MISC{ACS2007,
  url = {http://pubs.acs.org/books/references.shtml},
}
@article{kingma2013auto,
  title={Auto-encoding variational bayes},
  author={Kingma, Diederik P and Welling, Max},
  journal={arXiv preprint arXiv:1312.6114},
  year={2013}
}
@article{gleason1974prediction,
  title={Prediction of prognosis for prostatic adenocarcinoma by combined histological grading and clinical staging},
  author={Gleason, Donald F and Mellinger, George T},
  journal={The Journal of urology},
  volume={111},
  number={1},
  pages={58--64},
  year={1974},
  publisher={Wolters Kluwer Philadelphia, PA}
}
@inproceedings{nair2010rectified,
  title={Rectified linear units improve restricted boltzmann machines},
  author={Nair, Vinod and Hinton, Geoffrey E},
  booktitle={Proceedings of the 27th international conference on machine learning (ICML-10)},
  pages={807--814},
  year={2010}
}
@article{abdelmoula2018interactive,
  title={Interactive visual exploration of 3D mass spectrometry imaging data using hierarchical stochastic neighbor embedding reveals spatiomolecular structures at full data resolution},
  author={Abdelmoula, Walid M and Pezzotti, Nicola and HÃ¶lt, Thomas and Dijkstra, Jouke and Vilanova, Anna and McDonnell, Liam A and Lelieveldt, Boudewijn PF},
  journal={Journal of proteome research},
  volume={17},
  number={3},
  pages={1054--1064},
  year={2018},
  publisher={ACS Publications}
}
@article{race2012inclusive,
  title={Inclusive sharing of mass spectrometry imaging data requires a converter for all},
  author={Race, Alan M and Styles, Iain B and Bunch, Josephine},
  journal={Journal of proteomics},
  volume={75},
  number={16},
  pages={5111--5112},
  year={2012},
  publisher={Elsevier}
}
@article{abdelmoula2021peak,
  title={Peak learning of mass spectrometry imaging data using artificial neural networks},
  author={Abdelmoula, Walid M and Lopez, Begona Gimenez-Cassina and Randall, Elizabeth C and Kapur, Tina and Sarkaria, Jann N and White, Forest M and Agar, Jeffrey N and Wells, William M and Agar, Nathalie YR},
  journal={Nature communications},
  volume={12},
  number={1},
  pages={5544},
  year={2021},
  publisher={Nature Publishing Group UK London}
}
@inproceedings{he2016deep,
  title={Deep residual learning for image recognition},
  author={He, Kaiming and Zhang, Xiangyu and Ren, Shaoqing and Sun, Jian},
  booktitle={Proceedings of the IEEE conference on computer vision and pattern recognition},
  pages={770--778},
  year={2016}
}
@article{vaswani2017attention,
  title={Attention is all you need},
  author={Vaswani, Ashish and Shazeer, Noam and Parmar, Niki and Uszkoreit, Jakob and Jones, Llion and Gomez, Aidan N and Kaiser, {\L}ukasz and Polosukhin, Illia},
  journal={Advances in neural information processing systems},
  volume={30},
  year={2017}
}
@misc{hochreiter2001gradient,
  title={Gradient flow in recurrent nets: the difficulty of learning long-term dependencies},
  author={Hochreiter, Sepp and Bengio, Yoshua and Frasconi, Paolo and Schmidhuber, J{\"u}rgen and others},
  year={2001},
  publisher={A field guide to dynamical recurrent neural networks. IEEE Press In}
}
@ARTICLE{Arduengo1994,
  author = {Arduengo, III, Anthony J. and Siegfried F. Gamper and
    Joseph C. Calabrese and Fredric Davidson},
  title = {{Low}-coordinate carbene complexes of nickel(0) and
    platinum(0)},
  journal = jacsat,
  year = {1994},
  volume = {116},
  pages = {4391--4394},
  number = {10},
  doi = {10.1021/ja00089a029},
}

@ARTICLE{Eisenstein2005,
  author = {Appelhans, Leah N. and Zuccaccia, Daniele and Kovacevic,
    Anes and Chianese, Anthony R. and Miecznikowski, John R. and
    Macchioni, Aleco and Clot, Eric and Eisenstein, Odile and
    Crabtree, Robert H.},
  title = {An anion-dependent switch in selectivity results from a
    change of {C}---{H} activation mechanism in the reaction of an
    imidazolium salt with \ch{IrH5(PPh3)2}},
  journal = {J.~Am.\ Chem. Soc.},
  year = {2005},
  volume = {127},
  pages = {16299--16311},
  number = {46},
  doi = {10.1021/ja055317j},
}

@BOOK{Coghill2006,
  title = {The {ACS} Style Guide},
  publisher = {Oxford University Press, Inc. and
               The American Chemical Society},
  year = {2006},
  editor = {Coghill, Anne M. and Garson, Lorrin R.},
  address = {New York},
  edition = {3},
  subtitle = {{Effective} Communication of Scientific
    Information},
}

@BOOK{Cotton1999,
  title = {Advanced Inorganic Chemistry},
  publisher = {Wiley},
  year = {1999},
  author = {Cotton, Frank Albert and Wilkinson, Geoffrey and
    Murillio, Carlos A. and Bochmann, Manfred},
  address = {Chichester, United Kingdom},
  edition = {6},
}

@TECHREPORT{EuropeanCommission2008,
  address = {Brussels, Belgium},
  organization = {European Commission},
  title = {Communication from the European Commission to the
   European Council and the European Parliament:
   20 20 by 2020: Europe's climate change opportunity},
  year = {2008}
}

@INBOOK{Friedman-Hill2003,
  author         = {E. Friedman-Hill},
  booktitle      = {{Jess} in Action: {Java} Rule-based Systems},
  publisher      = {Manning Publications Co.},
  address        = {Greenwich, CT, USA},
  title          = {Writing Rules in Jess},
  edition        = {1},
  year           = {2003}
}

@PATENT{Johnson1972,
  author       = {Johnson, Alexander Lawrence},
  organization = {E.~I.~du Pont de Nemours},
  number       = {3637731},
  title        = {1-(Alkylsubstituted phenyl)imidazoles useful in {ACTH}
    reverse assay},
  type         = {US~Patent},
  year         = {1972}
}

@MANUAL{Pople2003,
  title = {{Gaussian} 03},
  author = {M.~J. Frisch and G.~W. Trucks and H.~B. Schlegel and G.~E. Scuseria
and M.~A. Robb and J.~R. Cheeseman and Montgomery and Jr. and J.
A. and T. Vreven and K.~N. Kudin and J.~C. Burant and J.~M. Millam
and S.~S. Iyengar and J. Tomasi and V. Barone and B. Mennucci and
M. Cossi and G. Scalmani and N. Rega and G.~A. Petersson and H. Nakatsuji
and M. Hada and M. Ehara and K. Toyota and R. Fukuda and J. Hasegawa
and M. Ishida and T. Nakajima and Y. Honda and O. Kitao and H. Nakai
and M. Klene and X. Li and J.~E. Knox and H.~P. Hratchian and J.~B.
Cross and V. Bakken and C. Adamo and J. Jaramillo and R. Gomperts
and R.~E. Stratmann and O. Yazyev and A.~J. Austin and R. Cammi and
C. Pomelli and J.~W. Ochterski and P.~Y. Ayala and K. Morokuma and
G.~A. Voth and P. Salvador and J.~J. Dannenberg and V.~G. Zakrzewski
and S. Dapprich and A.~D. Daniels and M.~C. Strain and O. Farkas
and D.~K. Malick and A.~D. Rabuck and K. Raghavachari and J.~B. Foresman
and J.~V. Ortiz and Q. Cui and A.~G. Baboul and S. Clifford and J.
Cioslowski and B.~B. Stefanov and G. Liu and A. Liashenko and P.
Piskorz and I. Komaromi and R.~L. Martin and D.~J. Fox and T. Keith
and M.~A. Al-Laham and C.~Y. Peng and A. Nanayakkara and M. Challacombe
and P.~M.~W. Gill and B. Johnson and W. Chen and M.~W. Wong and C.
Gonzalez and J.~A. Pople},
  organization = {Gaussian, Inc.},
  address = {Wallingford, CT},
  year = {2004},
  howpublished = {Gaussian, Inc., Wallingford, CT, USA},
  institution = {Gaussian, Inc.},
  publisher = {Gaussian, Inc.}
}

@ARTICLE{Mena2000,
  author = {Angel Abarca and Pilar G{\'o}mez-Sal and Avelino Mart{\'i}n
    and Miguel Mena and Josep Mar{\'i}a Poblet and Carlos Y{\'e}lamos},
  title = {Ammonolysis of mono(pentamethylcyclopentadienyl)
    titanium(\textsc{iv}) derivatives},
  journal = {Inorg. Chem.},
  year = {2000},
  volume = {39},
  pages = {642--651},
  number = {4},
  doi = {10.1021/ic9907718},
}
